<?xml version="1.0" encoding="UTF-8"?><collection xmlns="http://www.loc.gov/MARC21/slim"><record><leader>00731nam--2200181-i-4500</leader><controlfield tag="001">000032167</controlfield><controlfield tag="002">20161230</controlfield><controlfield tag="005">20161230201039</controlfield><controlfield tag="008">060222s1000------------r-----000-0-eng-d</controlfield><datafield ind1=" " ind2=" " tag="040"><subfield code="a">IFIN-HH</subfield></datafield><datafield ind1=" " ind2=" " tag="080"><subfield code="a">539.12.04:621.039</subfield></datafield><datafield ind1="1" ind2=" " tag="100"><subfield code="a">Sheely, W.F</subfield></datafield><datafield ind1="1" ind2="0" tag="245"><subfield code="a">Radiation effects</subfield><subfield code="b">Based on a symposium sponsored by the nuclear metallurgy committee of the institute of metals division, the metallurgical society of the american institute of mining, metallurgical, and petroleum engineers, asheville, n.c., september 1965</subfield><subfield code="c">W.f. sheely (ed.)</subfield></datafield><datafield ind1=" " ind2=" " tag="260"><subfield code="a">New York</subfield><subfield code="b">Gordon And Breach</subfield><subfield code="c">1967</subfield></datafield><datafield ind1=" " ind2=" " tag="300"><subfield code="a">848P</subfield></datafield><datafield ind1=" " ind2=" " tag="490"><subfield code="a">Metallurgical Society Conferences</subfield><subfield code="v">Volume 37</subfield></datafield><datafield ind1=" " ind2=" " tag="852"><subfield code="a">35515</subfield><subfield code="c">539.12.04</subfield></datafield><datafield ind1=" " ind2=" " tag="CAT"><subfield code="a">Sys</subfield><subfield code="c">20120207</subfield><subfield code="h">123205</subfield></datafield></record></collection>